<record xmlns:xsi="http://www.w3.org/2001/XMLSchema-instance" xmlns="http://www.loc.gov/MARC21/slim" xsi:schemaLocation="http://www.loc.gov/MARC21/slim http://www.loc.gov/standards/marcxml/schema/MARC21slim.xsd">

  <leader>00847nam a2200193Ia 4500</leader>
  <datafield ind1=" " ind2=" " tag="999">
    <subfield code="c">1728</subfield>
    <subfield code="d">1728</subfield>
  </datafield>
  <controlfield tag="008">180417b1995    cr ||||| |||| 00| 0 spa d</controlfield>
  <datafield ind1=" " tag="090" ind2=" ">
    <subfield code="a">06.03.04 </subfield>
    <subfield code="b">935</subfield>
  </datafield>
  <datafield ind2=" " tag="100" ind1="1">
    <subfield code="9">232</subfield>
    <subfield code="a">Charpentier Esquivel, Claudia</subfield>
  </datafield>
  <datafield ind1="1" tag="245" ind2="0">
    <subfield code="a">Memoria del Taller Interuniversitario para la incorporación de la dimensión ambiental en el quehacer de las universidades costarricenses / </subfield>
    <subfield code="c">Claudia Charpentier; Lidia Hernández; Benjamín Mora; Sonia Rojas; Rosemile Ramsbotton; María E. Zúñiga</subfield>
  </datafield>
  <datafield tag="260" ind2=" " ind1=" ">
    <subfield code="a">[San José, Costa Rica] : </subfield>
    <subfield code="b">Oficina de Planificación de la Educación Superior. Comisión Interuniversitaria de Educación Ambiental, </subfield>
    <subfield code="c">1995</subfield>
  </datafield>
  <datafield tag="300" ind2=" " ind1=" ">
    <subfield code="a">71 páginas</subfield>
  </datafield>
  <datafield tag="650" ind2="4" ind1="1">
    <subfield code="a">EDUCACIÓN AMBIENTAL </subfield>
    <subfield code="9">439</subfield>
  </datafield>
  <datafield ind2="4" tag="650" ind1="1">
    <subfield code="a">EDUCACIÓN SUPERIOR</subfield>
    <subfield code="9">8</subfield>
  </datafield>
  <datafield ind2="4" tag="650" ind1="1">
    <subfield code="a">POLÍTICA UNIVERSITARIA</subfield>
    <subfield code="9">2814</subfield>
  </datafield>
  <datafield ind1="1" ind2=" " tag="700">
    <subfield code="a">Hernández Rojas, Lidia</subfield>
    <subfield code="9">233</subfield>
  </datafield>
  <datafield tag="700" ind2=" " ind1="1">
    <subfield code="a">Mora, Benjamín</subfield>
    <subfield code="9">3567</subfield>
  </datafield>
  <datafield tag="700" ind2=" " ind1="1">
    <subfield code="a">Rojas, Sonia</subfield>
    <subfield code="9">3566</subfield>
  </datafield>
  <datafield ind2=" " tag="700" ind1="1">
    <subfield code="a">Ramsbottom, Rosemile</subfield>
    <subfield code="9">3568</subfield>
  </datafield>
  <datafield ind1="1" ind2=" " tag="700">
    <subfield code="a">Zúñiga, María E.</subfield>
    <subfield code="9">235</subfield>
  </datafield>
  <datafield ind2=" " tag="942" ind1=" ">
    <subfield code="2">z</subfield>
    <subfield code="c">01</subfield>
  </datafield>
</record>